
J. Wang, K. Zhao, X. Zhang, and C. Peng, “Ubiquitous
keyboard for small mobile devices: harnessing multipath
fading for fine-grained keystroke localization,

Context-free Attacks Using Keyboard Acoustic Emanations

@inproceedings{Zhu2014Context,
  title={Context-free Attacks Using Keyboard Acoustic Emanations},
  author={Tong Zhu and Qiang Ma and Shanfeng Zhang and Yunhao Liu},
  booktitle={ACM CSS'14},
  pages={453--464},
  year={2014},
}


@inproceedings{UbiK,
  title={Ubiquitous keyboard for small mobile devices: harnessing multipath fading for fine-grained keystroke localization},
  author={Junjue Wang and Kaichen Zhao and Xinyu Zhang and Chunyi Peng},
  booktitle={ACM MobiSys'14},
  pages={14--27},
  year={2014},
}

@inproceedings{Liu2015Snooping,
  title={Snooping keystrokes with mm-level audio ranging on a single phone},
  author={Jian Liu and Yan Wang and Gorkem Kar and Yingying Chen and Jie Yang and Marco Gruteser},
  booktitle={ACM MobiCom'15},
  pages={142--154},
  year={2015},
}

@inproceedings{duan2012incentive,
  title={Incentive mechanisms for smartphone collaboration in data acquisition and distributed computing},
  author={Duan, Lingjie and Kubo, Takeshi and Sugiyama, Kohei and Huang, Jianwei and Hasegawa, Teruyuki and Walrand, Jean},
  booktitle={IEEE INFOCOM'12},
  pages={1701--1709},
  year={2012},
}

@article{DuanIncentive,
  title={Incentive mechanisms for smartphone collaboration in data acquisition and distributed computing},
  author={Knapp, Charles H and Carter, G Clifford},
  journal={IEEE Transactions on Acoustics, Speech and Signal Processing},
  volume={24},
  number={4},
  pages={320--327},
  year={1976},
}


@article{knapp1976generalized,
  title={The generalized correlation method for estimation of time delay},
  author={Knapp, Charles H and Carter, G Clifford},
  journal={IEEE Transactions on Acoustics, Speech and Signal Processing},
  volume={24},
  number={4},
  pages={320--327},
  year={1976},
}


@inproceedings{wang2014using,
  title={Using humans as sensors: An estimation-theoretic perspective},
  author={Wang Dong and Amin Md Tanvir and Li Shen, et al},
  booktitle={IEEE/ACM IPSN'14},
  pages={35--46},
  year={2014},
}

@incollection{resch2013people,
  title={People as sensors and collective sensing-contextual observations complementing geo-sensor network measurements},
  author={Resch, Bernd},
  booktitle={Progress in Location-Based Services},
  pages={391--406},
  year={2013},
  publisher={Springer}
}

@article{reilly2013mobile,
  title={Mobile phones as seismologic sensors: Automating data extraction for the iShake system},
  author={Reilly, Jenny and Dashti, Sadegh and Ervasti, Mari and Bray, Jonathan D and Glaser, Steven D and Bayen, Alexandre M},
  journal={IEEE Transactions on Automation Science and Engineering (TASE)},
  volume={10},
  number={2},
  pages={242--251},
  year={2013},
}

@inproceedings{hu2013smartroad,
  title={SmartRoad: a crowd-sourced traffic regulator detection and identification system},
   author={Shaohan, Hu and Lu, Su and Hengchang, Liu and Hongyan, Wang and Tarek, Abdelzaher},
  booktitle={IEEE/ACM IPSN'13},
  pages={331--332},
  year={2013},
}

@inproceedings{zhou2012long,
  title={How long to wait?: predicting bus arrival time with mobile phone based participatory sensing},
  author={Zhou, Pengfei and Zheng, Yuanqing and Li, Mo},
  booktitle={ACM MobiSys'12},
  pages={379--392},
  year={2012},
}

%%LMA 非常精确 VHF 60-66M
@article{thomas2004accuracy,
  title={Accuracy of the lightning mapping array},
  author={Thomas, Ronald J and Krehbiel, Paul R and Rison, William and Hunyady, Steven J and Winn, William P and Hamlin, Timothy and Harlin, Jeremiah},
  journal={Journal of Geophysical Research: Atmospheres (1984--2012)},
  volume={109},
  number={D14},
  year={2004},
  publisher={Wiley Online Library}
}

infrasound && VHF
@article{assink2008characterization,
  title={Characterization of infrasound from lightning},
  author={Assink, JD and Evers, LG and Holleman, Iwan and Paulssen, H},
  journal={Geophysical Research Letters},
  volume={35},
  number={15},
  year={2008},
  publisher={Wiley Online Library}
}

@article{few1970lightning,
  title={Lightning channel reconstruction from thunder measurements},
  author={Few, AA},
  journal={Journal of Geophysical Research},
  volume={75},
  number={36},
  pages={7517--7523},
  year={1970},
  publisher={Wiley Online Library}
}

@article{few1995acoustic,
  title={Acoustic radiations from lightning},
  author={Few, AA},
  journal={Handbook of atmospheric electrodynamics},
  volume={2},
  pages={1--31},
  year={1995},
  publisher={CRC Press}
}

@book{uman2001lightning,
  title={The lightning discharge},
  author={Uman, Martin A},
  year={2001},
  publisher={Courier Corporation}
}

@article{章涵2012基于雷声到达时间差的单站闪电通道三维定位系统,
  title={基于雷声到达时间差的单站闪电通道三维定位系统},
  author={章涵 and 王道洪 and 吕伟涛 and 孟青 and 张义军},
  journal={高原气象},
  volume={31},
  number={1},
  pages={209r217},
  year={2012}
}

@book{farges2009infrasound,
  title={Infrasound from lightning and sprites},
  author={Farges, Thomas},
  year={2009},
  publisher={Springer}
}

@article{ribner1982acoustics,
  title={Acoustics of thunder: A quasilinear model for tortuous lightning},
  author={Ribner, Herbert S and Roy, Dipankar},
  journal={The Journal of the Acoustical Society of America},
  volume={72},
  number={6},
  pages={1911--1925},
  year={1982},
  publisher={Acoustical Society of America}
}


V. A. Rafalsky, A. P. Nickolaenko, A. V. Shvets, and M.
Hayakawa, “Location of lightning discharges from a single
station,” Journal of Geophysical Research: Atmospheres, vol. 100,
no. 10, pp. 20829–20838, 1995.

R.Mardiana and Z. Kawasaki, “Broadband radio interferometer
utilizing a sequential triggering technique for locating fast moving
electromagnetic sources emitted from lightning,” IEEE
Transactions on Instrumentation and Measurement, vol. 49, no.
2, pp. 376–381, 2000.

T. Tantisattayakul, K. Masugata, I. Kitamura, and K. Kontani,
“Broadband VHF sources locating system using arrival-time
differences formapping of lightning discharge process,” Journal
of Atmospheric and Solar-Terrestrial Physics, vol. 67, no. 11, pp.
1031–1039, 2005.

B. Salimi, Z. Abdul-Malek, K. Mehranzamir, S. V. Mashak, and
H. N. Afrouzi, “Localised single-station lightning detection by
using TOA method,” Jurnal Teknologi, vol. 64, no. 4, pp. 73–77,
2013.

R. L. Dowden, J. B. Brundell, and C. J. Rodger, “VLF lightning
location by time of group arrival (toga) atmultiple sites,” Journal
of Atmospheric and Solar-Terrestrial Physics, vol. 64, no. 7, pp.
817–830, 2002.

atmospheric acoustics

%overview
@article{cummins2009overview,
  title={An overview of lightning locating systems: History, techniques, and data uses, with an in-depth look at the US NLDN},
  author={Cummins, Kenneth L and Mur, Martin J},
  journal={IEEE Transactions on Electromagnetic Compatibility},
  volume={51},
  number={3},
  pages={499--518},
  year={2009},
  publisher={IEEE}
}

%改进的互功率谱相位法在雷声声源定位中的应用
@article{Gao2014,
  title={Application of Improved Cross Power Spectrum Phase Method to Acoustic Source Localization of Thunder},
  author={Gao Yan,Liu Huanan,Lü Weitao,Luo Hongyan,Yang Liao,Zhang Yang,Zhang Yijun},
  journal={Journal of Applied Meteorological Science},
  volume={25},
  number={2},
  pages={193--201},
  year={2014},

}


%章涵，王道洪，吕伟涛，等．基于雷声到达时间差的单站闪电通道三维定位系统．高原气象，２０１２
@article{han2012single,
  title={A Single-Station-Based 3D Lightning Channel Imaging System Using Differential Arrival Time of Thunder},
  author={Han, ZHANG and Dao-hong, WANG and Wei-tao, LU and Qing, MENG and Yi-jun, ZHANG},
  journal={Plateau Meteorology},
  volume={1},
  pages={022},
  year={2012}
}

@misc{LightningSG,
   title = {Lightning Information Service},
   howpublished = {\url{http://www.weather.gov.sg/lightning/lightning/lightningalertinformationsystem.jsp}}
}

@misc{WWLLN,
   title = {World Wide Lightning Location Network},
   howpublished = {\url{http://wwlln.net/}}
}



@inproceedings{bodhika2011localization,
  title={Localization of thunder source and reconstruction of lightning channel geometry using sound data},
  author={Bodhika, JAP and Dharmarathne, WGD and Fernando, Mahendra and Cooray, Vernon},
  booktitle={Lightning (APL), 2011 7th Asia-Pacific International Conference on},
  pages={429--435},
  year={2011},
  organization={IEEE}
}


@inproceedings{arechiga2011acoustic,
  title={Acoustic Network Localization and Interpretation of Infrasonic Pulses from Lightning},
  author={Arechiga, RO and Johnson, JB and Badillo, E and Michnovicz, JC and Thomas, RJ and Edens, HE and Rison, W},
  booktitle={AGU Fall Meeting Abstracts},
  volume={1},
  pages={0273},
  year={2011}
}

@article{anderson2014mapping,
  title={Mapping thunder sources by inverting acoustic and electromagnetic observations},
  author={Anderson, JF and Johnson, JB and Arechiga, RO and Thomas, RJ},
  journal={Journal of Geophysical Research: Atmospheres},
  volume={119},
  number={23},
  pages={13--287},
  year={2014},
  publisher={Wiley Online Library}
}

@article{sun2013lightning,
  title={Lightning VHF radiation location system based on short-baseline TDOA technique—Validation in rocket-triggered lightning},
  author={Sun, Zhuling and Qie, Xiushu and Liu, Mingyuan and Cao, Dongjie and Wang, Dongfang},
  journal={Atmospheric Research},
  volume={129},
  pages={58--66},
  year={2013},
  publisher={Elsevier}
}

@article{cummins1998us,
  title={The US National Lightning Detection Network TM and applications of cloud-to-ground lightning data by electric power utilities},
  author={Cummins, Kenneth L and Krider, E Philip and Malone, Mark D},
  journal={Electromagnetic Compatibility, IEEE Transactions on},
  volume={40},
  number={4},
  pages={465--480},
  year={1998},
  publisher={IEEE}
}

@article{qiu2012synchronized,
  title={Synchronized observations of cloud-to-ground lightning using VHF broadband interferometer and acoustic arrays},
  author={Qiu, Shi and Zhou, Bi-Hua and Shi, Li-Hua},
  journal={Journal of Geophysical Research: Atmospheres (1984--2012)},
  volume={117},
  number={D19},
  year={2012},
  publisher={Wiley Online Library}
}

@article{schulz2005cloud,
  title={Cloud-to-ground lightning in Austria: A 10-year study using data from a lightning location system},
  author={Schulz, W and Cummins, K and Diendorfer, G and Dorninger, M},
  journal={Journal of Geophysical Research: Atmospheres (1984--2012)},
  volume={110},
  number={D9},
  year={2005},
  publisher={Wiley Online Library}
}

@phdthesis{macgorman1978lightning,
  title={Lightning location in a storm with strong wind shear},
  author={Macgorman, Donald Ray},
 school ={Rice University},
  year={1978},
   address ={Houston, Texas}
}

@article{akiyama1985channel,
  title={Channel reconstruction of triggered lightning flashes with bipolar currents from thunder measurements},
  author={Akiyama, Hidenori and Ichino, Kiyoshi and Horii, Kenji},
  journal={Journal of Geophysical Research: Atmospheres (1984--2012)},
  volume={90},
  number={D6},
  pages={10674--10680},
  year={1985},
  publisher={Wiley Online Library}
}

@article{few1970lightning,
  title={Lightning channel reconstruction from thunder measurements},
  author={Few, AA},
  journal={Journal of Geophysical Research},
  volume={75},
  number={36},
  pages={7517--7523},
  year={1970},
  publisher={Wiley Online Library}
}

Few, A. A. (1969), Power spectrum of thunder, J. Geophys. Res., 74(28),
6926–6934,

Few, A. A. (1985), The production of lightning‐associated infrasonic
sources in thunderclouds, J. Geophys. Res., 90(D4), 6175–6180,


Few, A. A., and T. L. Teer (1974), The accuracy of acoustic reconstructions
of lightning channels, J. Geophys. Res., 79(33), 5007–5011,



@article{few1995acoustic,
  title={Acoustic radiations from lightning},
  author={Few, AA},
  journal={Handbook of atmospheric electrodynamics},
  volume={2},
  pages={1--31},
  year={1995},
  publisher={CRC Press}
}

@article{arechiga2011acoustic,
  title={Acoustic localization of triggered lightning},
  author={Arechiga, Rene O and Johnson, Jeffrey B and Edens, Harald E and Thomas, Ronald J and Rison, William},
  journal={Journal of Geophysical Research: Atmospheres (1984--2012)},
  volume={116},
  number={D9},
  year={2011},
  publisher={Wiley Online Library}
}


@article{vahabi2015modeling,
  title={Modeling of Time of Arrival Method for Lightning Locating Systems},
  author={Vahabi-Mashak, Saeed and Abdul-Malek, Zulkurnain and Mehranzamir, Kamyar and Nabipour-Afrouzi, Hadi and Salimi, Behnam and Wooi, Chin-Leong},
  journal={Advances in Meteorology},
  year={2015},
  publisher={Hindawi Publishing Corporation}
}

@article{assink2008characterization,
  title={Characterization of infrasound from lightning},
  author={Assink, JD and Evers, LG and Holleman, Iwan and Paulssen, H},
  journal={Geophysical Research Letters},
  volume={35},
  number={15},
  year={2008},
  publisher={Wiley Online Library}
}

@article{johnson2011imaging,
  title={Imaging thunder},
  author={Johnson, JB and Arechiga, RO and Thomas, RJ and Edens, HE and Anderson, J and Johnson, R},
  journal={Geophysical Research Letters},
  volume={38},
  number={19},
  year={2011},
  publisher={Wiley Online Library}
}

@article{qiu2012synchronized,
  title={Synchronized observations of cloud-to-ground lightning using VHF broadband interferometer and acoustic arrays},
  author={Qiu, Shi and Zhou, Bi-Hua and Shi, Li-Hua},
  journal={Journal of Geophysical Research: Atmospheres (1984--2012)},
  volume={117},
  number={D19},
  year={2012},
  publisher={Wiley Online Library}
}

@article{chum2013infrasound,
  title={Infrasound pulses from lightning and electrostatic field changes: Observation and discussion},
  author={Chum, J and Diendorfer, G and {\v{S}}indel{\'a}{\v{r}}ov{\'a}, T and Ba{\v{s}}e, J and Hru{\v{s}}ka, F},
  journal={Journal of Geophysical Research: Atmospheres},
  volume={118},
  number={19},
  pages={10--653},
  year={2013},
  publisher={Wiley Online Library}
}

@article{dayeh2015first,
  title={First images of thunder: Acoustic imaging of triggered lightning},
  author={Dayeh, MA and Evans, ND and Fuselier, SA and Trevino, J and Ramaekers, J and Dwyer, JR and Lucia, R and Rassoul, HK and Kotovsky, DA and Jordan, DM},
  journal={Geophysical Research Letters},
  volume={42},
  number={14},
  pages={6051--6057},
  year={2015},
  publisher={Wiley Online Library}
}

@article{fei2009hail,
  title={Hail clouds identification and localization using lightning and thunder signals [J]},
  author={Fei, Yan and Xianhai, Cheng and Zhenwei, Zhao and Peizhe, Zhang and Ruosu, Zhang},
  journal={Meteorological, Hydrological and Marine Instruments},
  volume={3},
  pages={007},
  year={2009}
}


Pasko, V. P. (2009), Mechanism of lightning‐associated infrasonic pulses
from thunderclouds, J. Geophys. Res., 114, D08205, 

Holmes, C. R., M. Brook, P. Krehbiel, and R. A. McCrory (1971), On the
power spectrum and mechanisms of thunder, J. Geophys. Res., 76(9),
2106–2115,

Balachandran, N. K. (1979), Infrasonic signals from thunder, J. Geophys.
Res., 84(C4), 1735–1745

Balachandran, N. K. (1983), Acoustic and electric signals from lightning,
J. Geophys. Res., 88(C6), 3879–3884

Bazelyan, E. M., and Y. P. Raizer (2000), Lightning Physics and Lightning
Protection, 325 pp., Inst. of Phys., Bristol, U. K., 

Bohannon, J. L., A. A. Few, and A. J. Dessler (1977), Detection of infrasonic
pulses from thunderclouds, Geophys. Res. Lett., 4(1), 49–52,

Dessler, A. J. (1973), Infrasonic thunder, J. Geophys. Res., 78(12),
1889–1896, 







1
@inproceedings{guo2011localising,
  title={Localising speech, footsteps and other sounds using resource-constrained devices},
  author={Guo, Yukang and Hazas, Mike},
  booktitle={IEEE/ACM IPSN'11},
  year={2011},
  pages={330--341},
}

2
@inproceedings{sallai2011acoustic,
  title={Acoustic shooter localization with a minimal number of single-channel wireless sensor nodes},
  author={Sallai, J{\'a}nos and L{\'e}deczi, Akos and V{\"o}lgyesi, P{\'e}ter},
  Booktitle = {ACM SenSys'11},
  pages={96--107},
  year={2011}
}


3
@inproceedings{allen2008voxnet,
  title={Voxnet: An interactive, rapidly-deployable acoustic monitoring platform},
  author={Allen, Michael and Girod, Lewis and Newton, Ryan and Madden, Samuel and Blumstein, Daniel T and Estrin, Deborah},
  booktitle={IEEE/ACM IPSN'08},
  pages={371--382},
  year={2008}
}

4
@article{aarabi1900fusion,
  title={The fusion of distributed microphone arrays for sound localization},
  author={Aarabi, Parham},
  journal={EURASIP Journal on Advances in Signal Processing},
  volume={2003},
  number={4},
  pages={338--347},
  year={2003},
}

5
@inproceedings{wu2012fusion,
  title={Fusion of multiple microphone arrays for blind source separation and localization},
  author={Wu, Tao and Sun, Longji and Cheng, Qi and Varshney, Pramod K},
  booktitle={IEEE Sensor Array and Multichannel Signal Processing Workshop (SAM'12)},
  pages={173--176},
  year={2012},
}

6
@inproceedings{pertila2011closed,
  title={Closed-form self-localization of asynchronous microphone arrays},
  author={Pertila, P and Mieskolainen, Mikael and Hamalainen, MS},
  booktitle={IEEE Joint Workshop on Hands-free Speech Communication and Microphone Arrays (HSCMA'11)},
  pages={139--144},
  year={2011},
}

7
@article{ward2003particle,
  title={Particle filtering algorithms for tracking an acoustic source in a reverberant environment},
  author={Ward, Darren B and Lehmann, Eric A and Williamson, Robert C},
  journal={IEEE Transactions on Speech and Audio Processing},
  volume={11},
  number={6},
  pages={826--836},
  year={2003},
}

8
@inproceedings{sheng2004sequential,
  title={Sequential acoustic energy based source localization using particle filter in a distributed sensor network},
  author={Sheng, Xiaohong and Hu, Yu Hen},
  booktitle={IEEE International Conference on Acoustics, Speech, and Signal Processing (ICASSP'04)},
  volume={3},
  pages={iii--972},
  year={2004},
}

9 
@inproceedings{omologo1994acoustic,
  title={Acoustic event localization using a crosspower-spectrum phase based technique},
  author={Omologo, Maurizio and Svaizer, Piergiorgio},
  booktitle={IEEE International Conference on Acoustics, Speech, and Signal Processing (ICASSP'1994)},
  volume={2},
  pages={II--273},
  year={1994},
}

10
@article{cobos2011modified,
  title={A modified SRP-PHAT functional for robust real-time sound source localization with scalable spatial sampling},
  author={Cobos, Maximo and Marti, Amparo and Lopez, Jose J},
  journal={IEEE Signal Processing Letters},
  volume={18},
  number={1},
  pages={71--74},
  year={2011},
}

11 
@inproceedings{rabinkin1996dsp,
  title={DSP implementation of source location using microphone arrays},
  author={Rabinkin, Daniel V and Renomeron, Richard J and Dahl, AJ and French, Joseph C and Flanagan, James L and Bianchi, Mike},
  booktitle={SPIE International Symposium on Optical Science, Engineering, and Instrumentation},
  pages={88--99},
  year={1996},
}

12
@inproceedings{do2007real,
  title={A real-time SRP-PHAT source location implementation using stochastic region contraction (SRC) on a large-aperture microphone array},
  author={Do, Hoang and Silverman, Harvey F and Yu, Ying},
  booktitle={IEEE International Conference on Acoustics, Speech, and Signal Processing (ICASSP'07)},
  volume={1},
  pages={I--121},
  year={2007},
}
13
% TOA  2 tier
@inproceedings{wang2003acoustic,
  title={Acoustic target tracking using tiny wireless sensor devices},
  author={Wang, Qixin and Chen, Wei-Peng and Zheng, Rong and Lee, Kihwal and Sha, Lui},
  booktitle={IEEE/ACM IPSN'03},
  year={2003},
  pages={642--657},
}
14 
@article{chen2004dynamic,
  title={Dynamic clustering for acoustic target tracking in wireless sensor networks},
  author={Chen, Wei-Peng and Hou, Jennifer C and Sha, Lui},
  journal={IEEE Transactions on Mobile Computing (TMC)},
  year={2004},
    volume={3},
  number={3},
  pages={258--271},
}

15 
@article{hu2009design,
  title={Design and evaluation of a hybrid sensor network for cane toad monitoring},
  author={Hu, Wen and Bulusu, Nirupama and Chou, Chun Tung and Jha, Sanjay and Taylor, Andrew and Tran, Van Nghia},
  journal={ACM Transactions on Sensor Networks (TOSN)},
  volume={5},
  number={1},
  pages={4},
  year={2009},
}
16
%energy
@inproceedings{rabbat2005robust,
  title={Robust decentralized source localization via averaging.},
  author={Rabbat, Michael and Nowak, Robert and Bucklew, James A},
  booktitle={IEEE International Conference on Acoustics, Speech, and Signal Processing (ICASSP'05)},
  pages={1057--1060},
  year={2005},
}
17 
@article{kim2009locating,
  title={Locating acoustic events based on large-scale sensor networks},
  author={Kim, Yungeun and Ahn, Junho and Cha, Hojung},
  journal={Sensors},
  volume={9},
  number={12},
  pages={9925--9944},
  year={2009},
  publisher={Molecular Diversity Preservation International}
}
18 

@article{wang2008lightning,
  title={Lightning: a hard real-time, fast, and lightweight low-end wireless sensor election protocol for acoustic event localization},
  author={Wang, Qixin and Zheng, Rong and Tirumala, Ajay and Liu, Xue and Sha, Lui},
  journal={IEEE Transactions on Mobile Computing (TMC)},
  volume={7},
  number={5},
  pages={570--584},
  year={2008},
}
19 
@article{canclini2013acoustic,
  title={Acoustic source localization with distributed asynchronous microphone networks},
  author={Canclini, Antonio and Antonacci, E and Sarti, Augusto and Tubaro, Stefano},
  journal={IEEE Transactions on Audio, Speech, and Language Processing (TASLP)},
  volume={21},
  number={2},
  pages={439--443},
  year={2013},
}
20 
@techreport{simic2002distributed,
  title={Distributed localization in wireless ad hoc networks},
  author={Simic, Slobodan N and Sastry, Shankar},
  year={2002},
  institution={Technical Report UCB/ERL}}

21 
@inproceedings{patwari2003using,
  title={Using proximity and quantized RSS for sensor localization in wireless networks},
  author={Patwari, Neal and Hero III, Alfred O},
  booktitle={ACM International Conference on Wireless Sensor Networks and Applications (WSNA'03) },
  pages={20--29},
  year={2003},
}
22 
@article{shrivastava2009target,
  title={Target tracking with binary proximity sensors},
  author={Shrivastava, Nisheeth and Mudumbai, Raghuraman and Madhow, Upamanyu and Suri, Subhash},
  journal={ACM Transactions on Sensor Networks (TOSN)},
  volume={5},
  number={4},
  pages={30},
  year={2009},
}
23 
@inproceedings{singh2007tracking,
  title={Tracking multiple targets using binary proximity sensors},
  author={Singh, Jaspreet and Madhow, Upamanyu and Kumar, Rajesh and Suri, Subhash and Cagley, Richard},
  booktitle={IEEE/ACM IPSN'07},
  pages={529--538},
  year={2007},
}
24 
@inproceedings{fu2012orthogonal,
  title={Orthogonal cut algorithm for value-based event localization in sensor networks},
  author={Fu, Desheng and Becker, Matthias and Schaust, Sven and Szczerbicka, Helena},
  booktitle={IEEE MASS'12},
   pages={1--6},
}
25 

@inproceedings{bahroun2012new,
  title={New SO-TDOA algorithm using elastic waves propagation for footstep localization},
  author={Bahroun, Rim and Michel, Olivier and Frassati, Fran{\c{c}}ois and Carmona, Mikael and Lacoume, J},
  booktitle={IEEE International Conference on Signal Processing (ICSP'12)},
  volume={3},
  pages={2057--2062},
  year={2012},
}

26
@inproceedings{cui2006dual,
  title={Dual-microphone source location method in 2-D space},
  author={Cui, Weiwei and Cao, Zhigang and Wei, Jianqiang},
  booktitle={Acoustics, Speech and Signal Processing, 2006. ICASSP 2006 Proceedings. 2006 IEEE International Conference on},
  volume={4},
  pages={IV--IV},
  year={2006},
  organization={IEEE}
}